@incollection{fruhwirth2008welcome,
  title={Welcome to constraint handling rules},
  author={Fr{\"u}hwirth, Thom},
  booktitle={Constraint Handling Rules},
  pages={1--15},
  year={2008},
  publisher={Springer}
}

@misc{fnogatzTap,
  author = {Falco Nogatz},
  title = {Automated tests via Test Anything Protocol},
  year = {2019},
  publisher = {GitHub},
  journal = {GitHub repository},
  howpublished = {\url{https://github.com/fnogatz/tap}}
}


@article{schrijvers2013delimited,
  title={Delimited continuations for prolog},
  author={Schrijvers, Tom and Demoen, Bart and Desouter, Benoit and Wielemaker, Jan},
  journal={Theory and practice of logic programming},
  volume={13},
  number={4-5},
  pages={533--546},
  year={2013},
  publisher={Cambridge University Press}
}



@online{swipl:doc:subsumes_term,
author={{swi-prolog.org}},
title={Predicate subsumes_term/2},
timestamp = {2019-10-08T19:24:25+00:00},
url={https://www.swi-prolog.org/pldoc/doc_for?object=subsumes_term/2},
urldate={2019-10-08}
}
%la

@online{swipl:doc:reset,
author={{swi-prolog.org}},
title={Predicate reset/3},
timestamp = {2019-10-09T12:29:31+00:00},
url={https://www.swi-prolog.org/pldoc/doc_for?object=reset/3}
}

@online{swipl:doc:shift,
author={{swi-prolog.org}},
title={Predicate shift/1},
timestamp = {2019-10-09T12:29:31+00:00},
url={https://www.swi-prolog.org/pldoc/doc_for?object=shift/1}
}

@inproceedings{danvy1990abstracting,
  title={Abstracting control},
  author={Danvy, Olivier and Filinski, Andrzej},
  booktitle={Proceedings of the 1990 ACM conference on LISP and functional programming},
  pages={151--160},
  year={1990},
  organization={ACM}
}
